@techreport{アノマリ,
   author	 = "坂野,加奈 and 上原,哲太郎",
   title	 = "アノマリ手法を用いたIoT機器のマルウェア感染検出",
   year 	 = "2018",
   institution	 = "立命館大学情報理工学研究科, 立命館大学情報理工学部",
   number	 = "3",
   month	 = "feb"
}

@techreport{攻撃性能評価を行った研究,
   author	 = "長柄,啓悟 and 松原,豊 and 青木,克憲 and 高田,広章",
   title	 = "組込みシステム向けマルウェアMiraiの攻撃性能評価",
   year 	 = "2017",
   institution	 = "名古屋大学工学部電気電子情報工学科, 名古屋大学大学院情報科学研究科, 名古屋大学大学院情報科学研究科, 名古屋大学大学院情報科学研究科",
   number	 = "41",
   month	 = "mar"
}

@techreport{観測と分析,
   author	 = "鉄,穎 and 楊,笛 and 保泉,拓哉 and 中山,颯 and 吉岡,克成 and 松本,勉",
   title	 = "IoTマルウェアによるDDoS攻撃の動的解析による観測と分析",
   journal	 = "情報処理学会論文誌",
   year 	 = "2018",
   volume	 = "59",
   number	 = "5",
   pages	 = "1321--1333",
   month	 = "may"
}

@techreport{パターン,
   author	 = "佐藤,順子 and 花田,真樹 and 面,和成 and 山口,崇志 and 鈴木,英男 and 布広,永示 and 折田,彰 and 関口,竜也",
   title	 = "API呼び出しとそれに伴う経過時間とシステム負荷を用いたマルウェア検知手法",
   booktitle	 = "コンピュータセキュリティシンポジウム2017論文集",
   year 	 = "2017",
   volume	 = "2017",
   number	 = "2",
   month	 = "oct"
}

@techrepoert{挙動の差異,
   author	 = "笠間,貴弘 and 吉岡,克成 and 井上,大介 and 松本,勉",
   title	 = "実行毎の挙動の差異に基づくマルウェア検知手法の提案",
   booktitle	 = "コンピュータセキュリティシンポジウム2011 論文集",
   year 	 = "2011",
   volume	 = "2011",
   number	 = "3",
   pages	 = "726--731",
   month	 = "oct"
}

@Misc{IoT,
author = {総務省},
title = {IoTデバイスの急速な普及 ,情報通信白書（オンライン）},
howpublished = "{<http://www.soumu.go.jp/johotsusintokei/whitepaper/ja/h30/html/nd111200.html>}",
note = {参照2018-06-17}
}

@Misc{Mirai,
author = {宮田健},
title = {IoTデバイスを狙うマルウェア「Mirai」とは何か――その正体と対策,Tech Factry（オンライン）},
howpublished = "{<http://techfactory.itmedia.co.jp/tf/articles/1704/13/news010.html>}",
note = {参照2018-06-17}
}

@Misc{Dyn,
author = {Scott Hilton},
title = {Dyn Analysis Summary Of Friday October 21 Attack,Oracle Dyn（オンライン）},
howpublished = "{ <https://dyn.com/blog/dyn-analysis-summary-of-friday-october-21-attack/>}",
note = "{参照2018-06-17}",
}


@Misc{code,
author = {Jerry Gamblin},
title = {jgamblin/Mirai-Source-Code,GitHub（オンライン）},
howpublished = "{ <https://github.com/jgamblin/Mirai-Source-Code/>}",
note = "{参照2018-09-20}",
}

@Misc{国立,
author = {国立研究開発法人 情報通信研究機構},
title = {日本国内でインターネットに接続されたIoT機器等に関する事前調査の実施について, NICT-情報通信研究機構（オンライン）},
howpublished = "{ <https://www.nict.go.jp/info/topics/2018/11/07-2.html>}",
note = "{参照2018-11-20}",
}

@Misc{newMirai,
author = {岩崎 宰守},
title = {IoTマルウェア「Mirai」をWindowsから拡散、2017年に入って500システムへの攻撃を確認 -INTERNET Watch, },
howpublished = "{ <https://internet.watch.impress.co.jp/docs/news/1046239.html>}",
note = "{参照2019-1-9}",
}

@Misc{Linux,
author = {農林水産研究情報総合センター},
title = {UNIX(Linux)でよく使うコマンド, },
howpublished = "{ <https://itcweb.cc.affrc.go.jp/affrit/doku.php?id=faq/tips/unix-command>"}",
note = "{参照2019-1-9}",
}

@Misc{Cowrie,
author = {Micheloosterhof},
title = {https://github.com/cowrie/cowrie,GitHub (オンライン) },
howpublished = "{ <https://github.com/cowrie/cowrie>}",
note = "{参照2019-1-4}",
}

@Misc{Virus,
title = { VirusTotal - ウイルス、マルウェア、URL の無料オンライン スキャナー},
howpublished = "{ <https://github.com/cowrie/cowrie>}",
note = "{参照2019-1-15}",
}


@Misc{Arbor,
author = {ATBOR},
title = { Arbor Networks Peakflow® 7.0 が、 DDoS 攻撃検知とミティゲーションの時間を大幅に短縮},
howpublished = "{<http://jp.arbornetworks.com/lorem-post-3/>}",
note = "{入手先 <http://jp.arbornetworks.com/lorem-post-3/> 参照2019-1-6}",
}

http://jp.arbornetworks.com/lorem-post-3/